<?xml version="1.0" encoding="UTF-8"?><record xmlns="http://www.loc.gov/MARC21/slim" xmlns:cinclude="http://apache.org/cocoon/include/1.0" xmlns:zs="http://www.loc.gov/zing/srw/">
  <leader>00693nz  a2200193n  4500</leader>
  <controlfield tag="001">nr 96035796 </controlfield>
  <controlfield tag="003">DLC</controlfield>
  <controlfield tag="005">19970724051034.2</controlfield>
  <controlfield tag="008">961004n| acaabaaa|          |a ana     c</controlfield>
  <datafield tag="010" ind1=" " ind2=" ">
    <subfield code="a">nr 96035796 </subfield>
  </datafield>
  <datafield tag="040" ind1=" " ind2=" ">
    <subfield code="a">NIC</subfield>
    <subfield code="c">NIC</subfield>
  </datafield>
  <datafield tag="130" ind1=" " ind2="0">
    <subfield code="a">Elsevier monographs.</subfield>
    <subfield code="p">Geo-sciences section.</subfield>
    <subfield code="p">Subseries: Geology</subfield>
  </datafield>
  <datafield tag="430" ind1=" " ind2="0">
    <subfield code="a">Elsevier monographs.</subfield>
    <subfield code="p">Subseries: Geology</subfield>
  </datafield>
  <datafield tag="643" ind1=" " ind2=" ">
    <subfield code="a">Amsterdam</subfield>
    <subfield code="b">Elsevier</subfield>
  </datafield>
  <datafield tag="644" ind1=" " ind2=" ">
    <subfield code="a">f</subfield>
    <subfield code="5">NIC</subfield>
  </datafield>
  <datafield tag="645" ind1=" " ind2=" ">
    <subfield code="a">t</subfield>
    <subfield code="5">NIC</subfield>
  </datafield>
  <datafield tag="646" ind1=" " ind2=" ">
    <subfield code="a">s</subfield>
    <subfield code="5">NIC</subfield>
  </datafield>
  <datafield tag="670" ind1=" " ind2=" ">
    <subfield code="a">Geological aspects of the origin of life on earth, 1962:</subfield>
    <subfield code="b">t.p.(Elsevier monographs, Geo-sciences section, Subseries: Geology)</subfield>
  </datafield>
  <datafield tag="670" ind1=" " ind2=" ">
    <subfield code="a">LC in RLIN, 6/26/96</subfield>
    <subfield code="b">(hdg.: Elsevier monographs. Geo-sciences Section.Subseries: Geology)</subfield>
  </datafield>
</record>